@MISC{MathIsNecessary_2022,
    author = {Разумовский Р.},
    title = {{"Нужна ли математика?" Source files}},
    howpublished = {Доступен в электронном варианте \url {https://github.com/kolosovpetro/MathIsNecessary}},
    year = {2022}
}